@article{hyacc,
    author = "{X. Chen, D. Pager}",
    title = "LR(1) Parser Generator Hyacc",
    journal = "Department of Information and Computer Science, University of Hawaii at Manoa, Honolulu, HI, USA",
}
